%YAML 1.1
%TAG !u! tag:unity3d.com,2011:
--- !u!1001 &100100000
Prefab:
  m_ObjectHideFlags: 1
  serializedVersion: 2
  m_Modification:
    m_TransformParent: {fileID: 0}
    m_Modifications: []
    m_RemovedComponents: []
  m_ParentPrefab: {fileID: 0}
  m_RootGameObject: {fileID: 1258618572342950}
  m_IsPrefabParent: 1
--- !u!1 &1258618572342950
GameObject:
  m_ObjectHideFlags: 0
  m_PrefabParentObject: {fileID: 0}
  m_PrefabInternal: {fileID: 100100000}
  serializedVersion: 5
  m_Component:
  - component: {fileID: 4203745352649438}
  - component: {fileID: 33338633499600954}
  - component: {fileID: 23353895206213430}
  - component: {fileID: 65757718173417762}
  - component: {fileID: 65905169340659380}
  - component: {fileID: 65014423034409868}
  - component: {fileID: 65426946410544420}
  - component: {fileID: 65897691779162426}
  - component: {fileID: 54037137547856180}
  - component: {fileID: 65180382130218180}
  - component: {fileID: 114065637617552704}
  - component: {fileID: 114815711861566986}
  m_Layer: 0
  m_Name: GoalBinKinematic
  m_TagString: Untagged
  m_Icon: {fileID: 0}
  m_NavMeshLayer: 0
  m_StaticEditorFlags: 0
  m_IsActive: 1
--- !u!4 &4203745352649438
Transform:
  m_ObjectHideFlags: 1
  m_PrefabParentObject: {fileID: 0}
  m_PrefabInternal: {fileID: 100100000}
  m_GameObject: {fileID: 1258618572342950}
  m_LocalRotation: {x: 0.000000021855694, y: 0, z: -0, w: 1}
  m_LocalPosition: {x: 0.324, y: -0.4, z: 0.6}
  m_LocalScale: {x: 0.1, y: 0.15, z: 0.075}
  m_Children: []
  m_Father: {fileID: 0}
  m_RootOrder: 0
  m_LocalEulerAnglesHint: {x: 0, y: 0, z: 0}
--- !u!23 &23353895206213430
MeshRenderer:
  m_ObjectHideFlags: 1
  m_PrefabParentObject: {fileID: 0}
  m_PrefabInternal: {fileID: 100100000}
  m_GameObject: {fileID: 1258618572342950}
  m_Enabled: 1
  m_CastShadows: 1
  m_ReceiveShadows: 1
  m_DynamicOccludee: 1
  m_MotionVectors: 1
  m_LightProbeUsage: 1
  m_ReflectionProbeUsage: 1
  m_Materials:
  - {fileID: 2100000, guid: 85911f2ca8d04624a8d0900278aae5ad, type: 2}
  m_StaticBatchInfo:
    firstSubMesh: 0
    subMeshCount: 0
  m_StaticBatchRoot: {fileID: 0}
  m_ProbeAnchor: {fileID: 0}
  m_LightProbeVolumeOverride: {fileID: 0}
  m_ScaleInLightmap: 1
  m_PreserveUVs: 0
  m_IgnoreNormalsForChartDetection: 0
  m_ImportantGI: 0
  m_StitchLightmapSeams: 0
  m_SelectedEditorRenderState: 3
  m_MinimumChartSize: 4
  m_AutoUVMaxDistance: 0.5
  m_AutoUVMaxAngle: 89
  m_LightmapParameters: {fileID: 0}
  m_SortingLayerID: 0
  m_SortingLayer: 0
  m_SortingOrder: 0
--- !u!33 &33338633499600954
MeshFilter:
  m_ObjectHideFlags: 1
  m_PrefabParentObject: {fileID: 0}
  m_PrefabInternal: {fileID: 100100000}
  m_GameObject: {fileID: 1258618572342950}
  m_Mesh: {fileID: 4300000, guid: d7132754baf7d324581dba842f24a42d, type: 3}
--- !u!54 &54037137547856180
Rigidbody:
  m_ObjectHideFlags: 1
  m_PrefabParentObject: {fileID: 0}
  m_PrefabInternal: {fileID: 100100000}
  m_GameObject: {fileID: 1258618572342950}
  serializedVersion: 2
  m_Mass: 10
  m_Drag: 0
  m_AngularDrag: 0.05
  m_UseGravity: 0
  m_IsKinematic: 1
  m_Interpolate: 0
  m_Constraints: 0
  m_CollisionDetection: 0
--- !u!65 &65014423034409868
BoxCollider:
  m_ObjectHideFlags: 1
  m_PrefabParentObject: {fileID: 0}
  m_PrefabInternal: {fileID: 100100000}
  m_GameObject: {fileID: 1258618572342950}
  m_Material: {fileID: 13400000, guid: 081d865a6ef69be489b5d261126e21a9, type: 2}
  m_IsTrigger: 0
  m_Enabled: 1
  serializedVersion: 2
  m_Size: {x: 0.04, y: 0.5, z: 3}
  m_Center: {x: -0.98, y: 0.25, z: 0}
--- !u!65 &65180382130218180
BoxCollider:
  m_ObjectHideFlags: 1
  m_PrefabParentObject: {fileID: 0}
  m_PrefabInternal: {fileID: 100100000}
  m_GameObject: {fileID: 1258618572342950}
  m_Material: {fileID: 13400000, guid: 02fabee5697ff7240bac0a57c1ba895c, type: 2}
  m_IsTrigger: 1
  m_Enabled: 1
  serializedVersion: 2
  m_Size: {x: 1.5, y: 0.2, z: 1.8}
  m_Center: {x: 0, y: 0.25, z: 0}
--- !u!65 &65426946410544420
BoxCollider:
  m_ObjectHideFlags: 1
  m_PrefabParentObject: {fileID: 0}
  m_PrefabInternal: {fileID: 100100000}
  m_GameObject: {fileID: 1258618572342950}
  m_Material: {fileID: 13400000, guid: 081d865a6ef69be489b5d261126e21a9, type: 2}
  m_IsTrigger: 0
  m_Enabled: 1
  serializedVersion: 2
  m_Size: {x: 2, y: 0.5, z: 0.05}
  m_Center: {x: 0, y: 0.25, z: 1.48}
--- !u!65 &65757718173417762
BoxCollider:
  m_ObjectHideFlags: 1
  m_PrefabParentObject: {fileID: 0}
  m_PrefabInternal: {fileID: 100100000}
  m_GameObject: {fileID: 1258618572342950}
  m_Material: {fileID: 13400000, guid: 02fabee5697ff7240bac0a57c1ba895c, type: 2}
  m_IsTrigger: 0
  m_Enabled: 1
  serializedVersion: 2
  m_Size: {x: 1.9999998, y: 0.01, z: 2.9999995}
  m_Center: {x: 0, y: 0, z: 0}
--- !u!65 &65897691779162426
BoxCollider:
  m_ObjectHideFlags: 1
  m_PrefabParentObject: {fileID: 0}
  m_PrefabInternal: {fileID: 100100000}
  m_GameObject: {fileID: 1258618572342950}
  m_Material: {fileID: 13400000, guid: 081d865a6ef69be489b5d261126e21a9, type: 2}
  m_IsTrigger: 0
  m_Enabled: 1
  serializedVersion: 2
  m_Size: {x: 2, y: 0.5, z: 0.05}
  m_Center: {x: 0, y: 0.25, z: -1.48}
--- !u!65 &65905169340659380
BoxCollider:
  m_ObjectHideFlags: 1
  m_PrefabParentObject: {fileID: 0}
  m_PrefabInternal: {fileID: 100100000}
  m_GameObject: {fileID: 1258618572342950}
  m_Material: {fileID: 13400000, guid: 081d865a6ef69be489b5d261126e21a9, type: 2}
  m_IsTrigger: 0
  m_Enabled: 1
  serializedVersion: 2
  m_Size: {x: 0.04, y: 0.5, z: 3}
  m_Center: {x: 0.98, y: 0.25, z: 0}
--- !u!114 &114065637617552704
MonoBehaviour:
  m_ObjectHideFlags: 1
  m_PrefabParentObject: {fileID: 0}
  m_PrefabInternal: {fileID: 100100000}
  m_GameObject: {fileID: 1258618572342950}
  m_Enabled: 1
  m_EditorHideFlags: 0
  m_Script: {fileID: 11500000, guid: 530dc974717c5f946bd0a5fe3088b845, type: 3}
  m_Name: 
  m_EditorClassIdentifier: 
  changeToOnCollide: {fileID: 2100000, guid: 7a9f35778e2e7c049b02775ce1f9eec3, type: 2}
  countToTrigger: {fileID: 114815711861566986}
  triggerObjects:
  - {fileID: 0}
--- !u!114 &114815711861566986
MonoBehaviour:
  m_ObjectHideFlags: 1
  m_PrefabParentObject: {fileID: 0}
  m_PrefabInternal: {fileID: 100100000}
  m_GameObject: {fileID: 1258618572342950}
  m_Enabled: 1
  m_EditorHideFlags: 0
  m_Script: {fileID: 11500000, guid: e382fb197f36f3842aa83120fccc59ce, type: 3}
  m_Name: 
  m_EditorClassIdentifier: 
  useHandTrigger: 0
  sceneName: LevelTwo
  countToTrigger: 1
  timeToWait: 3
  loadTriggered:
    m_PersistentCalls:
      m_Calls:
      - m_Target: {fileID: 0}
        m_MethodName: ChangeColor
        m_Mode: 1
        m_Arguments:
          m_ObjectArgument: {fileID: 0}
          m_ObjectArgumentAssemblyTypeName: UnityEngine.Object, UnityEngine
          m_IntArgument: 0
          m_FloatArgument: 0
          m_StringArgument: 
          m_BoolArgument: 0
        m_CallState: 2
    m_TypeName: UnityEngine.Events.UnityEvent, UnityEngine.CoreModule, Version=0.0.0.0,
      Culture=neutral, PublicKeyToken=null
