%YAML 1.1
%TAG !u! tag:unity3d.com,2011:
--- !u!1001 &100100000
Prefab:
  m_ObjectHideFlags: 1
  serializedVersion: 2
  m_Modification:
    m_TransformParent: {fileID: 0}
    m_Modifications: []
    m_RemovedComponents: []
  m_ParentPrefab: {fileID: 0}
  m_RootGameObject: {fileID: 1495471496283422}
  m_IsPrefabParent: 1
--- !u!1 &1495471496283422
GameObject:
  m_ObjectHideFlags: 0
  m_PrefabParentObject: {fileID: 0}
  m_PrefabInternal: {fileID: 100100000}
  serializedVersion: 5
  m_Component:
  - component: {fileID: 4051051942266790}
  - component: {fileID: 33935747992120940}
  - component: {fileID: 23016088093050956}
  - component: {fileID: 64396763783733508}
  - component: {fileID: 114444008740009662}
  - component: {fileID: 114580262932726418}
  - component: {fileID: 114346864116890766}
  - component: {fileID: 54145716264059968}
  m_Layer: 0
  m_Name: Stairs
  m_TagString: Untagged
  m_Icon: {fileID: 0}
  m_NavMeshLayer: 0
  m_StaticEditorFlags: 0
  m_IsActive: 1
--- !u!4 &4051051942266790
Transform:
  m_ObjectHideFlags: 1
  m_PrefabParentObject: {fileID: 0}
  m_PrefabInternal: {fileID: 100100000}
  m_GameObject: {fileID: 1495471496283422}
  m_LocalRotation: {x: 0, y: 0, z: 0, w: 1}
  m_LocalPosition: {x: 0, y: 0, z: 0}
  m_LocalScale: {x: 0.15, y: 0.15, z: 0.1}
  m_Children: []
  m_Father: {fileID: 0}
  m_RootOrder: 0
  m_LocalEulerAnglesHint: {x: 0, y: 0, z: 0}
--- !u!23 &23016088093050956
MeshRenderer:
  m_ObjectHideFlags: 1
  m_PrefabParentObject: {fileID: 0}
  m_PrefabInternal: {fileID: 100100000}
  m_GameObject: {fileID: 1495471496283422}
  m_Enabled: 1
  m_CastShadows: 0
  m_ReceiveShadows: 1
  m_DynamicOccludee: 1
  m_MotionVectors: 1
  m_LightProbeUsage: 1
  m_ReflectionProbeUsage: 1
  m_Materials:
  - {fileID: 2100000, guid: 867a0e7f2e9168840b7af95a865bfe82, type: 2}
  m_StaticBatchInfo:
    firstSubMesh: 0
    subMeshCount: 0
  m_StaticBatchRoot: {fileID: 0}
  m_ProbeAnchor: {fileID: 0}
  m_LightProbeVolumeOverride: {fileID: 0}
  m_ScaleInLightmap: 1
  m_PreserveUVs: 0
  m_IgnoreNormalsForChartDetection: 0
  m_ImportantGI: 0
  m_StitchLightmapSeams: 0
  m_SelectedEditorRenderState: 3
  m_MinimumChartSize: 4
  m_AutoUVMaxDistance: 0.5
  m_AutoUVMaxAngle: 89
  m_LightmapParameters: {fileID: 0}
  m_SortingLayerID: 0
  m_SortingLayer: 0
  m_SortingOrder: 0
--- !u!33 &33935747992120940
MeshFilter:
  m_ObjectHideFlags: 1
  m_PrefabParentObject: {fileID: 0}
  m_PrefabInternal: {fileID: 100100000}
  m_GameObject: {fileID: 1495471496283422}
  m_Mesh: {fileID: 4300000, guid: 08258afcf0b38f34a93780d9aac149f8, type: 3}
--- !u!54 &54145716264059968
Rigidbody:
  m_ObjectHideFlags: 1
  m_PrefabParentObject: {fileID: 0}
  m_PrefabInternal: {fileID: 100100000}
  m_GameObject: {fileID: 1495471496283422}
  serializedVersion: 2
  m_Mass: 1
  m_Drag: 0
  m_AngularDrag: 0.05
  m_UseGravity: 0
  m_IsKinematic: 1
  m_Interpolate: 0
  m_Constraints: 0
  m_CollisionDetection: 0
--- !u!64 &64396763783733508
MeshCollider:
  m_ObjectHideFlags: 1
  m_PrefabParentObject: {fileID: 0}
  m_PrefabInternal: {fileID: 100100000}
  m_GameObject: {fileID: 1495471496283422}
  m_Material: {fileID: 13400000, guid: 02fabee5697ff7240bac0a57c1ba895c, type: 2}
  m_IsTrigger: 0
  m_Enabled: 1
  serializedVersion: 3
  m_Convex: 1
  m_CookingOptions: 14
  m_SkinWidth: 0.01
  m_Mesh: {fileID: 4300000, guid: 08258afcf0b38f34a93780d9aac149f8, type: 3}
--- !u!114 &114346864116890766
MonoBehaviour:
  m_ObjectHideFlags: 1
  m_PrefabParentObject: {fileID: 0}
  m_PrefabInternal: {fileID: 100100000}
  m_GameObject: {fileID: 1495471496283422}
  m_Enabled: 1
  m_EditorHideFlags: 0
  m_Script: {fileID: 11500000, guid: 802fb631bf3d414478d36e2d114aed2e, type: 3}
  m_Name: 
  m_EditorClassIdentifier: 
  _targetTransform: {fileID: 0}
  _events:
    _engaged:
      m_PersistentCalls:
        m_Calls: []
      m_TypeName: Meta.MetaInteractionDataEvent, Assembly-CSharp, Version=0.0.0.0,
        Culture=neutral, PublicKeyToken=null
    _disengaged:
      m_PersistentCalls:
        m_Calls: []
      m_TypeName: Meta.MetaInteractionDataEvent, Assembly-CSharp, Version=0.0.0.0,
        Culture=neutral, PublicKeyToken=null
    _hoverStart:
      m_PersistentCalls:
        m_Calls: []
      m_TypeName: Meta.MetaInteractionDataEvent, Assembly-CSharp, Version=0.0.0.0,
        Culture=neutral, PublicKeyToken=null
    _hoverEnd:
      m_PersistentCalls:
        m_Calls: []
      m_TypeName: Meta.MetaInteractionDataEvent, Assembly-CSharp, Version=0.0.0.0,
        Culture=neutral, PublicKeyToken=null
  _minSize: {x: 0.05, y: 0.05}
  _maxSize: {x: 2, y: 2}
  _scaleSizeDelta: 0
  _scaleChanged:
    m_PersistentCalls:
      m_Calls: []
    m_TypeName: Meta.Vector3UnityEvent, Assembly-CSharp, Version=0.0.0.0, Culture=neutral,
      PublicKeyToken=null
  _exponentialScaling: 0
--- !u!114 &114444008740009662
MonoBehaviour:
  m_ObjectHideFlags: 1
  m_PrefabParentObject: {fileID: 0}
  m_PrefabInternal: {fileID: 100100000}
  m_GameObject: {fileID: 1495471496283422}
  m_Enabled: 1
  m_EditorHideFlags: 0
  m_Script: {fileID: 11500000, guid: 45bd94a85c17ec4418225806a214312f, type: 3}
  m_Name: 
  m_EditorClassIdentifier: 
  _targetTransform: {fileID: 0}
  _events:
    _engaged:
      m_PersistentCalls:
        m_Calls: []
      m_TypeName: Meta.MetaInteractionDataEvent, Assembly-CSharp, Version=0.0.0.0,
        Culture=neutral, PublicKeyToken=null
    _disengaged:
      m_PersistentCalls:
        m_Calls: []
      m_TypeName: Meta.MetaInteractionDataEvent, Assembly-CSharp, Version=0.0.0.0,
        Culture=neutral, PublicKeyToken=null
    _hoverStart:
      m_PersistentCalls:
        m_Calls: []
      m_TypeName: Meta.MetaInteractionDataEvent, Assembly-CSharp, Version=0.0.0.0,
        Culture=neutral, PublicKeyToken=null
    _hoverEnd:
      m_PersistentCalls:
        m_Calls: []
      m_TypeName: Meta.MetaInteractionDataEvent, Assembly-CSharp, Version=0.0.0.0,
        Culture=neutral, PublicKeyToken=null
--- !u!114 &114580262932726418
MonoBehaviour:
  m_ObjectHideFlags: 1
  m_PrefabParentObject: {fileID: 0}
  m_PrefabInternal: {fileID: 100100000}
  m_GameObject: {fileID: 1495471496283422}
  m_Enabled: 1
  m_EditorHideFlags: 0
  m_Script: {fileID: 11500000, guid: ea67a886b13fbff4395b0caf9c5a041f, type: 3}
  m_Name: 
  m_EditorClassIdentifier: 
  _targetTransform: {fileID: 0}
  _events:
    _engaged:
      m_PersistentCalls:
        m_Calls: []
      m_TypeName: Meta.MetaInteractionDataEvent, Assembly-CSharp, Version=0.0.0.0,
        Culture=neutral, PublicKeyToken=null
    _disengaged:
      m_PersistentCalls:
        m_Calls: []
      m_TypeName: Meta.MetaInteractionDataEvent, Assembly-CSharp, Version=0.0.0.0,
        Culture=neutral, PublicKeyToken=null
    _hoverStart:
      m_PersistentCalls:
        m_Calls: []
      m_TypeName: Meta.MetaInteractionDataEvent, Assembly-CSharp, Version=0.0.0.0,
        Culture=neutral, PublicKeyToken=null
    _hoverEnd:
      m_PersistentCalls:
        m_Calls: []
      m_TypeName: Meta.MetaInteractionDataEvent, Assembly-CSharp, Version=0.0.0.0,
        Culture=neutral, PublicKeyToken=null
